@ARTICLE{youssef:library,
	year={2003},
	issn={1012-2443},
	journal={Annals of Mathematics and Artificial Intelligence},
	volume={38},
	number={1-3},
	doi={10.1023/A:1022967814992},
	title={Technical Aspects of the Digital Library of Mathematical Functions},
	url={http://dx.doi.org/10.1023/A%3A1022967814992},
	publisher={Kluwer Academic Publishers},
	keywords={digital library; mathematical markup; mathematical notation; mathematical search},
	author={Miller, BruceR. and Youssef, Abdou},
	pages={121-136},
	language={English}
}

@ARTICLE{yuan:layout,
	year={---},
	journal={Can't find it},
	title={To be found...},
	language={English}
}

@ARTICLE{zhong:cowpie,
	year={2015},
	journal={Annals of Mathematics and Artificial Intelligence},
	title={A Novel Similarity-Search Method for Mathematical Content in LaTeX Markup and its Implementation},
	author={Zhong, Wei},
	language={English}
}


@incollection{miner:approach,
	year={2007},
	isbn={978-3-540-73083-5},
	booktitle={Towards Mechanized Mathematical Assistants},
	volume={4573},
	series={Lecture Notes in Computer Science},
	editor={Kauers, Manuel and Kerber, Manfred and Miner, Robert and Windsteiger, Wolfgang},
	doi={10.1007/978-3-540-73086-6_27},
	title={An Approach to Mathematical Search Through Query Formulation and Data Normalization},
	url={http://dx.doi.org/10.1007/978-3-540-73086-6_27},
	publisher={Springer Berlin Heidelberg},
	author={Miner, Robert and Munavalli, Rajesh},
	pages={342-355},
	language={English}
}

@incollection{kumar:structure,
	year={2012},
	isbn={978-3-642-35454-0},
	booktitle={Multi-disciplinary Trends in Artificial Intelligence},
volume={7694},
	series={Lecture Notes in Computer Science},
	editor={Sombattheera, Chattrakul and Loi, NguyenKim and Wankar, Rajeev and Quan, Tho},
	doi={10.1007/978-3-642-35455-7_3},
	title={A Structure Based Approach for Mathematical Expression Retrieval},
	url={http://dx.doi.org/10.1007/978-3-642-35455-7_3},
	publisher={Springer Berlin Heidelberg},
	keywords={Mathematical expressions; retrieval; longest common subsequence; structure information},
	author={Pavan Kumar, P. and Agarwal, Arun and Bhagvati, Chakravarthy},
	pages={23-34},
	language={English}
}

@incollection{kolhase:mathwebsearch,
	year={2006},
	isbn={978-3-540-39728-1},
	booktitle={Artificial Intelligence and Symbolic Computation},
volume={4120},
	series={Lecture Notes in Computer Science},
	editor={Calmet, Jacques and Ida, Tetsuo and Wang, Dongming},
	doi={10.1007/11856290_21},
	title={A Search Engine for Mathematical Formulae},
	url={http://dx.doi.org/10.1007/11856290_21},
	publisher={Springer Berlin Heidelberg},
	author={Kohlhase, Michael and Sucan, Ioan},
	pages={241-253},
	language={English}
}